BibLaTex Documentation: http://mirrors.concertpass.com/tex-archive/macros/latex/contrib/biblatex/doc/biblatex.pdf

@booklet{web:wiki:latex,
	url = {http://de.wikipedia.org/wiki/LaTeX},
	lastchecked = {29.10.2013},
	author = {Wikipedia},
	title  ={LaTeX}
}

@book{book:komascript,
	author = {Markus Kohm, Jens-Uwe Morawski},
	title = {KOMA-Script - Die Anleitung: Eine Sammlung von Klassen und Paketen f\"ur LaTeX 2e},
	year = {2012},
	isbn = {3865414591},
	pages = {591},
	publisher = {Lehmanns Media},
	edition = {4. Auflage}
}